@online{NHTSA,
  author = {{U.S. Department of Transportation, National Highway Traffic Safety Administration}},
  title  = {{NHTSA pre-crash typology}},
  year   = {2007},
  url    = {https://rosap.ntl.bts.gov/view/dot/6281/}
}